@article{Hooke:1961:DSS:321062.321069,
  author =       {Hooke, Robert and Jeeves, T. A.},
  title =        {`` Direct Search'' Solution of Numerical and Statistical Problems},
  journal =      {J. ACM},
  issue_date =   {April 1961},
  volume =       8,
  number =       2,
  month =        apr,
  year =         1961,
  issn =         {0004-5411},
  pages =        {212--229},
  numpages =     18,
  url =          {http://doi.acm.org/10.1145/321062.321069},
  doi =          {10.1145/321062.321069},
  acmid =        321069,
  publisher =    {ACM},
  address =      {New York, NY, USA},
}

@article{kacar2012fitting,
  title =        {Fitting Clearing Functions to Empirical Data: Simulation Optimization and
                  Heuristic Algorithms.},
  author =       {Kacar, Necip Baris and others},
  year =         2012
}

@article{lewis2007implementing,
  title =        {Implementing generating set search methods for linearly constrained minimization},
  author =       {Lewis, Robert Michael and Shepherd, Anne and Torczon, Virginia},
  journal =      {SIAM Journal on Scientific Computing},
  volume =       29,
  number =       6,
  pages =        {2507--2530},
  year =         2007,
  publisher =    {SIAM}
}

@article{kolda2006stationarity,
  title =        {Stationarity results for generating set search for linearly constrained
                  optimization},
  author =       {Kolda, Tamara G and Lewis, Robert Michael and Torczon, Virginia},
  journal =      {SIAM Journal on Optimization},
  volume =       17,
  number =       4,
  pages =        {943--968},
  year =         2006,
  publisher =    {SIAM}
}

@article{spall1992multivariate,
  title =        {Multivariate stochastic approximation using a simultaneous perturbation gradient
                  approximation},
  author =       {Spall, James C and others},
  journal =      {IEEE transactions on automatic control},
  volume =       37,
  number =       3,
  pages =        {332--341},
  year =         1992
}

@article{spall1998implementation,
  title =        {Implementation of the simultaneous perturbation algorithm for stochastic
                  optimization},
  author =       {Spall, James C},
  journal =      {IEEE Transactions on aerospace and electronic systems},
  volume =       34,
  number =       3,
  pages =        {817--823},
  year =         1998,
  publisher =    {IEEE}
}

@article{byrd2000trust,
  title =        {A trust region method based on interior point techniques for nonlinear
                  programming},
  author =       {Byrd, Richard H and Gilbert, Jean Charles and Nocedal, Jorge},
  journal =      {Mathematical Programming},
  volume =       89,
  number =       1,
  pages =        {149--185},
  year =         2000,
  publisher =    {Springer}
}

@article{byrd1999interior,
  title =        {An interior point algorithm for large-scale nonlinear programming},
  author =       {Byrd, Richard H and Hribar, Mary E and Nocedal, Jorge},
  journal =      {SIAM Journal on Optimization},
  volume =       9,
  number =       4,
  pages =        {877--900},
  year =         1999,
  publisher =    {SIAM}
}

@article{goldberg1988genetic,
  title =        {Genetic algorithms and machine learning},
  author =       {Goldberg, David E and Holland, John H},
  journal =      {Machine learning},
  volume =       3,
  number =       2,
  pages =        {95--99},
  year =         1988,
  publisher =    {Springer}
}
